<?xml version="1.0" encoding="utf-8" standalone="no" ?>
<collection>

	<record type="Bibliographic">
		<leader>01643njm0 2200301   4500</leader>
		<controlfield tag="001">1145046</controlfield>
		<datafield ind1=" " ind2=" " tag="100">
			<subfield code="a">20041220d||||    uuuy0frey0103    ba</subfield>
		</datafield>
		<datafield ind1=" " ind2=" " tag="101">
			<subfield code="a">fre</subfield>
		</datafield>
		<datafield ind1=" " ind2=" " tag="102">
			<subfield code="a">FR</subfield>
		</datafield>
		<datafield ind1=" " ind2=" " tag="125">
			<subfield code="a">xx</subfield>
			<subfield code="b">|</subfield>
		</datafield>
		<datafield ind1=" " ind2=" " tag="126">
			<subfield code="a">agbxhxxd|||||bd</subfield>
			<subfield code="b">bex</subfield>
		</datafield>
		<datafield ind1=" " ind2=" " tag="127">
			<subfield code="a">||||||</subfield>
		</datafield>
		<datafield ind1=" " ind2=" " tag="181">
			<subfield code="a">||</subfield>
			<subfield code="b">||||||</subfield>
			<subfield code="c">spw</subfield>
			<subfield code="6">01</subfield>
		</datafield>
		<datafield ind1=" " ind2=" " tag="182">
			<subfield code="a">|</subfield>
			<subfield code="c">s</subfield>
			<subfield code="6">01</subfield>
		</datafield>
		<datafield ind1=" " ind2=" " tag="200">
			<subfield code="a">Musique et nature : La nature à l'orchestre, des symphonies à programme aux poèmes symphoniques</subfield>
			<subfield code="b">Enregistrement sonore</subfield>
			<subfield code="e">conférence enregistrée à la Philharmonie de Paris le mardi 27 septembre 2022 (15h, Salle de conférence - Philharmonie)</subfield>
			<subfield code="f">Pascale Saint-André, conférencière</subfield>
		</datafield>
		<datafield ind1=" " ind2="0" tag="214">
			<subfield code="a">Paris</subfield>
			<subfield code="c">Cité de la musique - Philharmonie de Paris</subfield>
			<subfield code="d">2022</subfield>
		</datafield>
		<datafield ind1=" " ind2=" " tag="215">
			<subfield code="a">1h 51 min 31 sec</subfield>
		</datafield>
		<datafield ind1=" " ind2=" " tag="300">
			<subfield code="a">Présentation : "Tantôt imitée, codifiée, tantôt sublimée, la nature nourrit l'inspiration des compositeurs et des musiciens depuis que l'homme fait résonner son univers. Ce cycle de conférences aborde la conscience et le traitement de la nature dans les compositions de différentes époques de l'histoire de la musique, ainsi que sa préservation, dont il est plus que question dans notre société actuelle."</subfield>
		</datafield>
		<datafield ind1=" " ind2=" " tag="305">
			<subfield code="a">Archivé à la Cité de la musique</subfield>
		</datafield>
		<datafield ind1=" " ind2="1" tag="700">
			<subfield code="3">48983</subfield>
			<subfield code="a">Saint-André</subfield>
			<subfield code="b">Pascale</subfield>
			<subfield code="4">800</subfield>
		</datafield>
		<datafield ind1=" " ind2="0" tag="801">
			<subfield code="a">FR</subfield>
			<subfield code="b">Cité de la musique</subfield>
		</datafield>
		<datafield ind1=" " ind2=" " tag="856">
			<subfield code="u">http://mediatheque.cite-musique.fr/masc/link.asp?IDNOTICE=1145046</subfield>
			<subfield code="2">document numérique lié</subfield>
			<subfield code="e">||||||||||||</subfield>
			<subfield code="d">PPAU000073001_01</subfield>
			<subfield code="b">PPAU000073000</subfield>
		</datafield>
		<datafield ind1=" " ind2=" " tag="900">
			<subfield code="c">CONTRAT_3</subfield>
		</datafield>
		<datafield ind1=" " ind2=" " tag="911">
			<subfield code="a">DESC1049068</subfield>
			<subfield code="a">DESC68691</subfield>
			<subfield code="a">DESC68353</subfield>
			<subfield code="a">DESC67786</subfield>
			<subfield code="a">DESC68008</subfield>
			<subfield code="a">DESC145872</subfield>
		</datafield>
		<datafield ind1=" " ind2=" " tag="942">
			<subfield code="c">UNI2P</subfield>
			<subfield code="#">0</subfield>
		</datafield>
		<datafield ind1=" " ind2=" " tag="945">
			<subfield code="a">PPAU000073001#01</subfield>
			<subfield code="#">0</subfield>
		</datafield>
		<datafield ind1=" " ind2=" " tag="946">
			<subfield code="a">20220927</subfield>
			<subfield code="#">0</subfield>
		</datafield>
		<datafield ind1=" " ind2=" " tag="947">
			<subfield code="a">24806</subfield>
			<subfield code="#">0</subfield>
		</datafield>
	</record>

</collection>
